@online{lieb-rent,
    author = "Michael Lieb",
    title = "If cities don't solve metro Phoenix's housing crisis, everyone will pay",
    url  = "https://www.azcentral.com/story/opinion/op-ed/2022/02/20/phoenix-has-housing-supply-crisis-ignore-cost-all/6805418001/",
    addendum = "(accessed: October 15 2022)"
}

@online{hammond-GDP,
    author = "George W. Hammond",
    title = "Here’s how much housing affordability has dropped in Arizona",
    url  = "https://azbigmedia.com/real-estate/residential-real-estate/heres-how-much-housing-affordability-has-dropped-in-arizona/",
    addendum = "(accessed: October 15 2022)"
}

@online{kaggle-set,
    author = "Antonio N.",
    title = "Arizona Houses 2021",
    url = "https://www.kaggle.com/datasets/antoniong203/arizona-houses-2021",
    addendum = "Version 1, (accessed: October 15 2022)"
}

@online{zillow-api,
    author = "Zillow",
    title = "GetSearchResults API",
    url = "https://www.zillow.com/howto/api/GetSearchResults.html",
    addendum = "(accessed: October 15 2022)"
}

@online{mora-clustering,
    author = "Paul Mora",
    title = "End-To-End Machine Learning Project — 04 Clustering",
    url  = "https://www.data4help.org/blog/end-to-end-machine-learning-project-04-clustering",
    addendum = "(accessed: October 15 2022)"
}
@online{mora-gradient-boosting,
    author = "Paul Mora",
    title = "End-To-End Machine Learning Project — 06 Predicting Real Estate Prices with Machine Learning",
    url  = "https://www.data4help.org/blog/end-to-end-machine-learning-project-06-predicting-real-estate-prices-with-machine-learning",
    addendum = "(accessed: October 15 2022)"
}